@Book{GirardJY:protyp,
	   author =       {Jean-Yves Girard and Yves Lafont  and Paul Taylor},
	   title =        {Proofs and Types},
	   publisher =    {CUP},
	   year =         1989,
	   volume =       7,
	   series =       {Cambridge Tracts in Theoretical Computer Science}
	 }

@article{GirardJY:linlog,
         author          = {Jean-Yves Girard},
         title           = {Linear Logic},
         journal         = {TCS},
         volume          = 50,
         year            = 1987}

@article{AbramskyS:comintoll,
     author          = {Samson Abramsky},
     title           = {Computational Interpretations of Linear Logic},
     journal         = {TCS},
     volume          = 111,
     year            = 1993}

@Book{HoareC:comseq,
      author =       {Tony Hoare},
      ALTOPeditor =    {},
      title =        {Communicating Sequential Processes},
      publisher =    {Prentice Hall},
      year =         {1985},
      OPTkey =       {},
      OPTvolume =    {},
      OPTnumber =    {},
      OPTseries =    {},
      OPTaddress =   {},
      OPTedition =   {},
      OPTmonth =     {},
      OPTnote =      {},
      OPTannote =    {}
    }


@InProceedings{TakeuchiK:intbaslaits,
   title = {{An Interaction-based Language and its Typing System}},
   author ={Kaku Takeuchi and Kohei Honda and Makoto Kubo},
   booktitle = {Proc.~PARLE},
series =       {LNCS},
      volume =       817,
 pages={398-413},
year=1994,
}

@InProceedings{HondaK:lanpriatdfscbp,
  author       = {Kohei Honda and Vasco T.~Vasconcelos and Makoto Kubo},
  title        = {Language primitives and type disciplines for structured
                 communication-based programming},
  booktitle    = {Proc.~ESOP},
  volume       = 1381,
  pages        = {22--138},  
  series       = {LNCS},
  year         = 1998,
}

@article{HondaK:unitypsfsifLONG,
 author = {Honda, Kohei and Yoshida, Nobuko},
 title = {A uniform type structure for secure information flow},
 journal = {SIGPLAN Not.},
 volume = {37},
 issue = {1},
 month = {January},
 year = {2002},
 issn = {0362-1340},
 pages = {81--92},
 numpages = {12},
 url = {http://doi.acm.org/10.1145/565816.503281},
 doi = {http://doi.acm.org/10.1145/565816.503281},
 acmid = {503281},
 publisher = {ACM},
 address = {New York, NY, USA},
} 

